@book{leveque2002finite,
  title     = {Finite Volume Methods for Hyperbolic Problems},
  author    = {Randall J. LeVeque},
  year      = {2002},
  publisher = {Cambridge University Press}
}

@book{fletcher1991computational,
  title     = {Computational Techniques for Fluid Dynamics, Volume 1},
  author    = {C. A. J. Fletcher},
  year      = {1991},
  publisher = {Springer-Verlag},
  address   = {Berlin, Heidelberg},
  edition   = {2nd}
}

@book{neta1996partial,
  title        = {Partial Differential Equations, MA 3132 Lecture Notes},
  author       = {Beny Neta},
  year         = {1996},
  organization = {Naval Postgraduate School},
  address      = {Monterey, California, USA}
}

@misc{leveque2012clawpack,
  title        = {Clawpack software (version 4.6.2)},
  author       = {R. J. LeVeque and M. J. Berger et al.},
  year         = {2012},
  howpublished = {\url{www.clawpack.org}},
  note         = {Accessed: June 2012}
}
