@book{leveque2002finite,
  title     = {Finite Volume Methods for Hyperbolic Problems},
  author    = {LeVeque, Randall J.},
  year      = {2002},
  publisher = {Cambridge University Press},
  address   = {Cambridge}
}

@article{harten1983high,
  title     = {High resolution schemes for hyperbolic conservation laws},
  author    = {Harten, Ami},
  journal   = {Journal of Computational Physics},
  volume    = {49},
  number    = {3},
  pages     = {357--393},
  year      = {1983},
  publisher = {Elsevier}
}

@article{osher1984rktvd,
  title     = {R-K schemes and TVD schemes for hyperbolic conservation laws},
  author    = {Osher, Stanley},
  journal   = {SIAM Journal on Numerical Analysis},
  volume    = {21},
  number    = {5},
  pages     = {857--884},
  year      = {1984},
  publisher = {SIAM}
}

@article{sweby1984high,
  title     = {High resolution schemes using flux limiters for hyperbolic conservation laws},
  author    = {Sweby, P.K.},
  journal   = {SIAM Journal on Numerical Analysis},
  volume    = {21},
  number    = {5},
  pages     = {995--1011},
  year      = {1984},
  publisher = {SIAM}
}

@article{vanalbada1982family,
  title     = {A family of second-order high-resolution schemes for computing compressible flows},
  author    = {Van Albada, G. D. and Van Leer, B. and Roberts, W. W.},
  journal   = {Journal of Computational Physics},
  volume    = {46},
  number    = {3},
  pages     = {359--393},
  year      = {1982},
  publisher = {Elsevier}
}
